<collection xmlns="http://www.loc.gov/MARC21/slim"><record><leader>00877nam  2200289   450</leader><controlfield tag="001">16662</controlfield><controlfield tag="003">http://montalegre.opacnet.com/OPAC/default.aspx?ContentAreaControl=ShowRegHoldings.ascx&amp;RegNo=16662</controlfield><controlfield tag="005">20</controlfield><datafield tag="010" ind1=" " ind2=" "><subfield code="a">972-670-215-1</subfield></datafield><datafield tag="021" ind1=" " ind2=" "><subfield code="a">PT</subfield><subfield code="b">74818/94</subfield></datafield><datafield tag="100" ind1=" " ind2=" "><subfield code="a">20140408d1994    k  y0pory0103    ba</subfield></datafield><datafield tag="101" ind1="1" ind2=" "><subfield code="a">por</subfield></datafield><datafield tag="102" ind1=" " ind2=" "><subfield code="a">PT</subfield></datafield><datafield tag="200" ind1="1" ind2=" "><subfield code="a">Iniciação à ciência dos mitos</subfield><subfield code="f">Victor Jabouille</subfield></datafield><datafield tag="205" ind1=" " ind2=" "><subfield code="a">2ª ed</subfield></datafield><datafield tag="210" ind1=" " ind2=" "><subfield code="a">Mem Martins</subfield><subfield code="c">Inquérito</subfield><subfield code="d">1994</subfield></datafield><datafield tag="215" ind1=" " ind2=" "><subfield code="a">114 p.</subfield><subfield code="d">23 cm</subfield></datafield><datafield tag="225" ind1="2" ind2=" "><subfield code="a">Inquérito universidade</subfield><subfield code="v">7</subfield></datafield><datafield tag="305" ind1=" " ind2=" "><subfield code="a">Edição revista e actualizada</subfield></datafield><datafield tag="606" ind1=" " ind2=" "><subfield code="a">Teoria do conhecimento</subfield><subfield code="2">Autoridade</subfield><subfield code="3">PT-----------2014040812210006087</subfield></datafield><datafield tag="610" ind1="0" ind2=" "><subfield code="a">Mitologia</subfield></datafield><datafield tag="610" ind1="0" ind2=" "><subfield code="a">Mitos</subfield></datafield><datafield tag="675" ind1=" " ind2=" "><subfield code="a">165.9</subfield></datafield><datafield tag="675" ind1=" " ind2=" "><subfield code="a">165.19</subfield></datafield><datafield tag="700" ind1=" " ind2="1"><subfield code="a">Jabouille</subfield><subfield code="b">Victor</subfield></datafield><datafield tag="801" ind1=" " ind2="0"><subfield code="a">PT</subfield><subfield code="b">Biblioteca Municipal de Montalegre</subfield><subfield code="g">RPC</subfield></datafield><datafield tag="856" ind1=" " ind2=" "><subfield code="u">locateMedia.aspx?cod=20140408122338&amp;ext=jpg</subfield><subfield code="z">CAPA</subfield></datafield><datafield tag="909" ind1="&#9;" ind2=" "><subfield code="a">1</subfield></datafield><datafield tag="966" ind1=" " ind2=" "><subfield code="a">0005036</subfield><subfield code="l">BMM</subfield><subfield code="s">SCG 1 JAB ini</subfield></datafield></record></collection>